@book{approach,
  title={Artificial Intelligence: A Modern Approach},
  author={Russell Stuart and Peter Norvig},
  year={2009},
  publisher={Prentice Hall}
}

@book{narrat,
  title={The living handbook of narratology},
  author={H. Porter Abbott and Jan Albert and Marc Alexander},
  year={2009}
}

@book{novel_writer,
  title={Automatic novel writing: A status report. Technical Report 186},
  author={Klein and Sheldon, et al.},
  year={1973},
  publisher={Computer Science Department, The University of Wisconsin, Madison}
}

@book{talespin,
  title={Tale-Spin, an interactive program that writes stories},
  author={James R. Meehan},
  year={1977},
  series= {91-98},
  address= {MIT, Cambridge, MA},
  month= 8,
  organization={Los Altos, CA: Kaufmann},
  publisher={Proceedings of the Fifth International Joint Conference on Artiﬁcial Intelligence}
}

@book{author,
  title={Story Generation after Tale-Spin},
  author={Natalie Dehn},
  editor={A. Drinan},
  year={1981},
  volume= 116,
  series= 18,
  address= {University of British Columbia, Vancouver, Canada},
  month= 8,
  organization={Los Altos, CA: Kaufmann},
  publisher={Proceedings of the Seventh International Joint Conference on Artiﬁcial Intelligence}
}

@book{universe,
  title={Creating a Story-Telling Universe},
  author={Michael Lebowitz},
  editor={A. Nundy},
  year={1983},
  volume= 1,
  series= {63–65},
  address= {Karlsruhe, Germany},
  month= 8,
  organization={Los Altos, CA: Kaufmann},
  publisher={Proceedings of the Eighth International Joint Conference on Artiﬁcial Intelligence}
}

@phdthesis{minstrel,
  title={Minstrel: a computer model of creativity and storytelling},
  author={Scott R. Turner},
  year={1993},
  school={University of California at Los Angeles},
  address={ Los Angeles}
}

@phdthesis{mexica,
  title={MEXICA: A Computer Model of Creativity in Writing},
  author={Rafael Pérez y Pérez},
  year={1999},
  school={The University of Sussex}
}

@book{brutus,
  title={Artiﬁcial Intelligence and Literary Creativity Inside the Mind of BRUTUS, a Storytelling Machine},
  author={Selmer Bringsjord and David A. Ferrucci},
  year={1999}
}

@book{fabulist,
  title={Narrative Planning: Balancing Plot and Character},
  author={Mark O. Riedl and R. Michael Young},
  year={2010},
  publisher={Journal of Artificial Intelligence Research}
}

@online{goap,
  title = {Goal Oriented Action Planning for a Smarter AI},
  location = {},
  author = {Brent Owens},
  year = {2014}, 
  url = {https://gamedevelopment.tutsplus.com/tutorials/goal-oriented-action-planning-for-a-smarter-ai--cms-20793}
}